@ARTICLE{haklay2008openstreetmap,
  title={Openstreetmap: User-generated street maps},
  author={Haklay, Mordechai and Weber, Patrick},
  journal={Pervasive Computing, IEEE},
  volume={7},
  number={4},
  pages={12--18},
  year={2008},
  publisher={IEEE}
},

@ARTICLE{wiggenbrockklassifikation,
  title={Klassifikation von OpenStreetMap-Daten gem{\"a}{\ss} dem AAA-Modell},
  author={Wiggenbrock, Jens}
},


@ONLINE{wiki:apple-maps,
   author = {Wikipedia},
   title = {Apple Maps --- Wikipedia{,} The Free Encyclopedia},
   year = 2015,
   url = {https://en.wikipedia.org/w/index.php?title=Apple_Maps&oldid=691885907},
   urldate = {2015-11-25},
   note={Visited on 2015-11-25}
},

@misc{mapbox_studio_classic,
author={Mapbox.com,},
title={Mapbox | Design and publish beautiful maps},
url={https://www.mapbox.com/mapbox-studio-classic/},
urldate={2015-12-14},
year={2015},
note={Visited on 2015-12-14}
},
 
@ONLINE{wiki:google-maps,
   author = {Wikipedia},
   title = {Google Maps --- Wikipedia{,} The Free Encyclopedia},
   year = 2015,
   url = {https://en.wikipedia.org/w/index.php?title=Google_Maps&oldid=692381008},
   urldate = {2015-11-25},
   note={Visited on 2015-11-25}
},

@INCOLLECTION{gaffuri2012toward,
  title={Toward web mapping with vector data},
  author={Gaffuri, Julien},
  booktitle={Geographic Information Science},
  pages={87--101},
  year={2012},
  publisher={Springer}
},

%--- manuel technical report ---%
@misc{1_mike.teczno.com_2013,
author={Mike.teczno.com,},
title={the liberty of postgreslessness: tiled vectors in mapnik (tecznotes)},
url={http://mike.teczno.com/notes/postgreslessness-mapnik-vectiles.html},
urldate={2015-12-14},
year={2013},
note={Visited on 2015-12-14}
},

@misc{2_mapbox.com_2015,
author={Mapbox.com,},
title={Vector Tiles | Mapbox},
url={https://www.mapbox.com/developers/vector-tiles/},
urldate={2015-12-14},
year={2015},
note={Visited on 2015-12-14}
},

@misc{3_github_2014,
author={GitHub,},
title={Mapbox Carto CSS},
url={https://github.com/mapbox/carto/blob/master/docs/latest.md},
urldate={2015-12-14},
year={2014},
note={Visited on 2015-12-14}
},

@misc{4_github_2015,
author={GitHub,},
title={Vector Tile Specification},
url={https://github.com/mapbox/vector-tile-spec/tree/master/1.0.1},
urldate={2015-12-14},
year={2015},
note={Visited on 2015-12-14}
},

@misc{5_cole_2015,
author={Cole, Dave},
title={MapBox Streets: A Global Map with Street Level Detail},
url={https://www.mapbox.com/blog/announcing-mapbox-streets/},
urldate={2015-12-14},
journal={Mapbox},
year={2015},
note={Visited on 2015-12-14}
},

@misc{6_mapbox_2015,
author={Mapbox,},
title={Atlas Server},
url={https://www.mapbox.com/atlas/},
urldate={2015-12-14},
year={2015},
note={Visited on 2015-12-14}
},

@misc{7_mapzen.com_2015,
author={Mapzen.com,},
title={Mapzen Vector Tile Service},
url={https://mapzen.com/projects/vector-tiles/},
urldate={2015-12-14},
year={2015},
note={Visited on 2015-12-14}
},

@misc{8_mapzen.com_2015,
author={Mapzen.com,},
title={Mapzen About},
url={https://mapzen.com/about/},
urldate={2015-12-14},
year={2015},
note={Visited on 2015-12-14}
},

@misc{9_mediawiki.org_2015,
author={Mediawiki.org,},
title={Wikimedia Maps},
url={https://www.mediawiki.org/wiki/Maps},
urldate={2015-12-14},
year={2015},
note={Visited on 2015-12-14}
},

@misc{10_wikimediafoundation.org_2015,
author={Wikimediafoundation.org,},
title={Wikimedia Foundation},
url={https://wikimediafoundation.org/wiki/},
urldate={2015-12-14},
year={2015},
note={Visited on 2015-12-14}
},
%-------------------------%




%------ LUKAS DESIGN -----%
@misc{2_container42.com_2015,
author={Container42.com,},
title={Persistent volumes with Docker - Data-only container pattern · Container42},
url={http://container42.com/2013/12/16/persistent-volumes-with-docker-container-as-volume-pattern/},
urldate={2015-12-14},
year={2015},
note={Visited on 2015-12-14}
},

@misc{3_gdal.org_2015,
author={Gdal.org,},
title={GDAL: ogr2ogr},
url={http://www.gdal.org/ogr2ogr.html},
urldate={2015-12-14},
year={2015},
note={Visited on 2015-12-14}
},

@misc{4_github_2015,
author={GitHub,},
title={omniscale/imposm3},
url={https://github.com/omniscale/imposm3},
urldate={2015-12-14},
year={2015},
note={Visited on 2015-12-14}
},

@misc{5_github_2015,
author={GitHub,},
title={A command line alternative to tilelive},
url={https://github.com/mojodna/tl},
urldate={2015-12-14},
year={2015},
note={Visited on 2015-12-14}
},

@misc{7_download.geofabrik.de_2015,
author={Download.geofabrik.de,},
url={http://download.geofabrik.de/},
urldate={2015-12-14},
year={2015},
note={Visited on 2015-12-14}
},

@misc{8_mapzen.com_2015,
author={Mapzen.com,},
title={Mapzen · start where you are.},
url={https://mapzen.com/data/metro-extracts/},
urldate={2015-12-14},
year={2015},
note={Visited on 2015-12-14}
},

@misc{9_wiki.openstreetmap.org_2015,
author={Wiki.openstreetmap.org,},
title={PBF Format - OpenStreetMap Wiki},
url={http://wiki.openstreetmap.org/wiki/PBF_Format},
urldate={2015-12-14},
year={2015},
note={Visited on 2015-12-14}
},

@misc{10_wiki.openstreetmap.org_2015,
author={Wiki.openstreetmap.org,},
title={OSM XML - OpenStreetMap Wiki},
url={https://wiki.openstreetmap.org/wiki/OSM_XML},
urldate={2015-12-14},
year={2015},
note={Visited on 2015-12-14}
},

@misc{11_wiki.openstreetmap.org_2015,
author={Wiki.openstreetmap.org,},
title={Tags - OpenStreetMap Wiki},
url={http://wiki.openstreetmap.org/wiki/Tags},
urldate={2015-12-14},
year={2015},
note={Visited on 2015-12-14}
},

@misc{12_axismaps.github.io_2015,
author={Axismaps.github.io,},
title={Labeling and text hierarchy in cartography},
url={https://axismaps.github.io/thematic-cartography/articles/labeling.html},
urldate={2015-12-14},
year={2015},
note={Visited on 2015-12-14}
},

@misc{13_wiki.openstreetmap.org_2015,
author={Wiki.openstreetmap.org,},
title={Overpass API - OpenStreetMap Wiki},
url={https://wiki.openstreetmap.org/wiki/Overpass_API},
urldate={2015-12-14},
year={2015},
note={Visited on 2015-12-14}
},

@misc{14_openstreetmapdata.com_2015,
author={Openstreetmapdata.com,},
title={OpenStreetMapData},
url={http://openstreetmapdata.com/},
urldate={2015-12-14},
year={2015},
note={Visited on 2015-12-14}
},

@misc{15_openstreetmapdata.com_2015,
author={Openstreetmapdata.com,},
title={Water polygons | Data | OpenStreetMapData},
url={http://openstreetmapdata.com/data/water-polygons},
urldate={2015-12-14},
year={2015},
note={Visited on 2015-12-14}
},

@misc{16_naturalearthdata.com_2015,
author={Naturalearthdata.com,},
title={Natural Earth},
url={http://www.naturalearthdata.com/},
urldate={2015-12-14},
year={2015},
note={Visited on 2015-12-14}
},

@misc{17_naturalearthdata.com_2015,
author={Naturalearthdata.com,},
title={Populated Places | Natural Earth},
url={http://www.naturalearthdata.com/downloads/10m-cultural-vectors/10m-populated-places/},
urldate={2015-12-14},
year={2015},
note={Visited on 2015-12-14}
},

@misc{18_naturalearthdata.com_2015,
author={Naturalearthdata.com,},
title={Lakes + Reservoirs | Natural Earth},
url={http://www.naturalearthdata.com/downloads/10m-physical-vectors/10m-lakes/},
urldate={2015-12-14},
year={2015},
note={Visited on 2015-12-14}
},

@misc{19_naturalearthdata.com_2015,
author={Naturalearthdata.com,},
title={Admin 0 – Countries | Natural Earth},
url={http://www.naturalearthdata.com/downloads/10m-cultural-vectors/10m-admin-0-countries/},
urldate={2015-12-14},
year={2015},
note={Visited on 2015-12-14}
},

@misc{20_naturalearthdata.com_2015,
author={Naturalearthdata.com,},
title={Admin 1 – States, Provinces | Natural Earth},
url={http://www.naturalearthdata.com/downloads/10m-cultural-vectors/10m-admin-1-states-provinces/},
urldate={2015-12-14},
year={2015},
note={Visited on 2015-12-14}
},

@misc{21_naturalearthdata.com_2015,
author={Naturalearthdata.com,},
title={Admin 0 – Breakaway, Disputed Areas | Natural Earth},
url={http://www.naturalearthdata.com/downloads/10m-cultural-vectors/10m-admin-0-breakaway-disputed-areas/},
urldate={2015-12-14},
year={2015},
note={Visited on 2015-12-14}
},

@misc{22_mapbox.com_2015,
author={Mapbox.com,},
title={Mapbox Streets v6 | Mapbox},
url={https://www.mapbox.com/developers/vector-tiles/mapbox-streets-v6/},
urldate={2015-12-14},
year={2015},
note={Visited on 2015-12-14}
},

@misc{23_mapbox.com_2015,
author={Mapbox.com,},
title={Mapbox Streets v5 | Mapbox},
url={https://www.mapbox.com/developers/vector-tiles/mapbox-streets-v5/},
urldate={2015-12-14},
year={2015},
note={Visited on 2015-12-14}
},

%-------------------------%

%----------manuel evaluation---------------%


@misc{1_wiki.openstreetmap.org_2015,
author={Wiki.openstreetmap.org,},
title={Databases and data access APIs - OpenStreetMap Wiki},
url={http://wiki.openstreetmap.org/wiki/Databases_and_data_access_APIs#Database_Schemas},
urldate={2015-12-14},
year={2015},
note={Visited on 2015-12-14}
},

@misc{2_github_2015,
author={GitHub,},
title={Tilemaker},
url={https://github.com/systemed/tilemaker},
urldate={2015-12-14},
year={2015},
note={Visited on 2015-12-14}
},

@misc{3_imposm.org_2015,
author={Imposm.org,},
title={Imposm},
url={http://imposm.org/},
urldate={2015-12-14},
year={2015},
note={Visited on 2015-12-14}
},

@misc{4_wiki.openstreetmap.org_2015,
author={Wiki.openstreetmap.org,},
title={Osm2pgsql - OpenStreetMap Wiki},
url={http://wiki.openstreetmap.org/wiki/Osm2pgsql},
urldate={2015-12-14},
year={2015},
note={Visited on 2015-12-14}
},

@misc{5_wiki.openstreetmap.org_2015,
author={wiki.openstreetmap.org,},
title={OSM Planet Diffs},
url={http://wiki.openstreetmap.org/wiki/Planet.osm/diffs},
urldate={2015-12-14},
year={2015},
note={Visited on 2015-12-14}
},

@misc{6_wiki.openstreetmap.org_2015,
author={Wiki.openstreetmap.org,},
title={Osm2pgsql Schema},
url={http://wiki.openstreetmap.org/wiki/Osm2pgsql/schema},
urldate={2015-12-14},
year={2015},
note={Visited on 2015-12-14}
},

@misc{7_wiki.openstreetmap.org_2015,
author={Wiki.openstreetmap.org,},
title={Osm2pgsql Import Style},
url={http://wiki.openstreetmap.org/wiki/Osm2pgsql#Import_style},
urldate={2015-12-14},
year={2015},
note={Visited on 2015-12-14}
},

@misc{8_github_2015,
author={GitHub,},
title={Osm2pgsql Default Schema},
url={https://github.com/openstreetmap/osm2pgsql/blob/master/default.style},
urldate={2015-12-14},
year={2015},
note={Visited on 2015-12-14}
},

@misc{9_imposm.org_2015,
author={Imposm.org,},
title={Database Schema},
url={http://imposm.org/docs/imposm/latest/database_schema.html},
urldate={2015-12-14},
year={2015},
note={Visited on 2015-12-14}
},

@misc{10_imposm.org_2015,
author={Imposm.org,},
title={Imposm3 Diff import},
url={http://imposm.org/docs/imposm3/latest/tutorial.html#diff},
urldate={2015-12-14},
year={2015},
note={Visited on 2015-12-14}
},

@misc{11_github_2015,
author={GitHub,},
title={Awesome Vector Tiles},
url={https://github.com/mapbox/awesome-vector-tiles},
urldate={2015-12-14},
year={2015},
note={Visited on 2015-12-14}
},

@misc{12_springmeyer_2015,
author={Springmeyer, Dane},
title={Mapbox Vector Tile Specification adopted by Esri},
url={https://www.mapbox.com/blog/vector-tile-adoption/},
urldate={2015-12-14},
journal={Mapbox},
year={2015},
note={Visited on 2015-12-14}
},

@misc{13_github_2015,
author={GitHub,},
title={Tessera Vector Tile Server},
url={https://github.com/mojodna/tessera},
urldate={2015-12-14},
year={2015},
note={Visited on 2015-12-14}
},

@misc{14_foundation_2015,
author={Foundation, Node.js},
title={Node.js},
url={https://nodejs.org/en/},
urldate={2015-12-14},
journal={Nodejs.org},
year={2015},
note={Visited on 2015-12-14}
},

@misc{15_github_2015,
author={GitHub,},
title={Mapbox Tilelive},
url={https://github.com/mapbox/tilelive},
urldate={2015-12-14},
year={2015},
note={Visited on 2015-12-14}
},

@misc{16_wiki.openstreetmap.org_2015,
author={Wiki.openstreetmap.org,},
title={mod\_tile},
url={http://wiki.openstreetmap.org/wiki/Mod_tile},
urldate={2015-12-14},
year={2015},
note={Visited on 2015-12-14}
},

%-------------------------%


%----------------- Implementation Lukas

@misc{81_imposm.org_2015,
author={Imposm.org,},
title={Data Mapping — Imposm3 3.0.0a documentation},
url={http://imposm.org/docs/imposm3/latest/mapping.html},
urldate={2015-12-14},
year={2015},
note={Visited on 2015-12-14}
},

@misc{82_wiki.openstreetmap.org_2015,
author={Wiki.openstreetmap.org,},
title={64-bit Identifiers - OpenStreetMap Wiki},
url={https://wiki.openstreetmap.org/wiki/64-bit_Identifiers},
urldate={2015-12-14},
year={2015},
note={Visited on 2015-12-14}
},

@misc{83_wiki.openstreetmap.org_2015,
author={Wiki.openstreetmap.org,},
title={Key:name - OpenStreetMap Wiki},
url={https://wiki.openstreetmap.org/wiki/Key:name},
urldate={2015-12-14},
year={2015},
note={Visited on 2015-12-14}
},

@misc{84_wiki.postgresql.org_2015,
author={Wiki.postgresql.org,},
title={Tuning Your PostgreSQL Server - PostgreSQL wiki},
url={https://wiki.postgresql.org/wiki/Tuning_Your_PostgreSQL_Server},
urldate={2015-12-14},
year={2015},
note={Visited on 2015-12-14}
},

@misc{85_pgtune.leopard.in.ua_2015,
author={Pgtune.leopard.in.ua,},
title={PgTune},
url={http://pgtune.leopard.in.ua/},
urldate={2015-12-14},
year={2015},
note={Visited on 2015-12-14}
},

@misc{86_berkus_berkus_profile_2015,
author={Berkus, Josh and Berkus, Josh and profile, View},
title={Database Soup: Running with scissors mode},
url={http://www.databasesoup.com/2015/02/running-with-scissors-mode.html},
urldate={2015-12-14},
journal={Databasesoup.com},
year={2015},
note={Visited on 2015-12-14}
},

@misc{87_postgresql.org_2015,
author={Postgresql.org,},
title={PostgreSQL: Documentation: 9.3: Introduction},
url={http://www.postgresql.org/docs/9.3/static/gist-intro.html},
urldate={2015-12-14},
year={2015},
note={Visited on 2015-12-14}
},

@misc{88_postgis.net_2015,
author={Postgis.net,},
title={Box2D},
url={http://postgis.net/docs/Box2D.html},
urldate={2015-12-14},
year={2015},
note={Visited on 2015-12-14}
},

@misc{89_mapbox.com_2015,
author={Mapbox.com,},
title={Mapbox Studio Classic source manual | Mapbox},
url={https://www.mapbox.com/help/source-manual/#buffers},
urldate={2015-12-14},
year={2015},
note={Visited on 2015-12-14}
},

@misc{90_mapbox.com_2015,
author={Mapbox.com,},
title={Mapbox Studio Classic source manual | Mapbox},
url={https://www.mapbox.com/help/source-manual/#overzooming},
urldate={2015-12-14},
year={2015},
note={Visited on 2015-12-14}
},

@misc{92_github_2015,
author={GitHub,},
title={Mapbox OSM Bright Visual Style},
url={https://github.com/mapbox/mapbox-studio-osm-bright.tm2},
urldate={2015-12-14},
year={2015},
note={Visited on 2015-12-14}
},

@misc{93_wiki.openstreetmap.org_2015,
author={Wiki.openstreetmap.org,},
title={TagFinder - OpenStreetMap Wiki},
url={https://wiki.openstreetmap.org/wiki/TagFinder},
urldate={2015-12-14},
year={2015},
note={Visited on 2015-12-14}
},
%-----------------------------


%--------------------------- Manuel Project Management

@misc{pm_1_github_2015,
author={GitHub,},
title={Osm2vectortiles Project},
url={https://github.com/osm2vectortiles/osm2vectortiles},
urldate={2015-12-14},
year={2015},
note={Visited on 2015-12-14}
},

@misc{pm_2_github_2015,
author={GitHub,},
title={Osm2vectortiles project thesis},
url={https://github.com/osm2vectortiles/osm2vectortiles-thesis},
urldate={2015-12-14},
year={2015},
note={Visited on 2015-12-14}
},

@misc{pm_3_gmbh_2015,
author={GmbH, Klokan},
title={Klokan Technologies},
url={http://www.klokantech.com/},
urldate={2015-12-14},
journal={Klokantech.com},
year={2015},
note={Visited on 2015-12-14}
},

@misc{pm_4_openlayers.org_2015,
author={Openlayers.org,},
title={OpenLayers 3},
url={http://openlayers.org/},
urldate={2015-12-14},
year={2015},
note={Visited on 2015-12-14}
},

@misc{pm_5_travis-ci.org_2015,
author={Travis-ci.org,},
title={Travis CI},
url={http://travis-ci.org},
urldate={2015-12-14},
year={2015},
note={Visited on 2015-12-14}
},

@misc{pm_6_docs.docker.com_2015,
author={Docs.docker.com,},
title={Docker Compose},
url={https://docs.docker.com/compose/},
urldate={2015-12-14},
year={2015},
note={Visited on 2015-12-14}
},

@misc{pm_7_preston-werner_2015,
author={Preston-Werner, Tom},
title={Semantic Versioning},
url={http://semver.org/},
urldate={2015-12-14},
journal={Semver.org},
year={2015},
note={Visited on 2015-12-14}
},

@misc{pm_8_chris.beams.io_2015,
author={Chris.beams.io,},
title={How to Write a Git Commit Message},
url={http://chris.beams.io/posts/git-commit/},
urldate={2015-12-14},
year={2015},
note={Visited on 2015-12-14}
},

@misc{pm_9_atlassian_git_tutorial_2015,
author={Atlassian Git Tutorial,},
title={Feature Branch Workflow},
url={https://www.atlassian.com/git/tutorials/comparing-workflows/feature-branch-workflow/},
urldate={2015-12-14},
year={2015},
note={Visited on 2015-12-14}
},

@misc{pm_10_lavi_2012,
author={Lavi, Kfir},
title={Defensive BASH programming},
url={http://www.kfirlavi.com/blog/2012/11/14/defensive-bash-programming/},
urldate={2015-12-14},
journal={Kfirlavi.com},
year={2012},
note={Visited on 2015-12-14}
},

@misc{pm_11_python.org_2015,
author={Python.org,},
title={Python PEP 8},
url={https://www.python.org/dev/peps/pep-0008/},
urldate={2015-12-14},
year={2015},
note={Visited on 2015-12-14}
},

@misc{pm_12_python.org_2015,
author={Python.org,},
title={Python PEP 20},
url={https://www.python.org/dev/peps/pep-0020/},
urldate={2015-12-14},
year={2015},
note={Visited on 2015-12-14}
},

@misc{pm_13_eslint.org_2015,
author={Eslint.org,},
title={ESLint - Pluggable JavaScript linter},
url={http://eslint.org/},
urldate={2015-12-14},
year={2015},
note={Visited on 2015-12-14}
},

@misc{pm_14_wikipedia_2015,
author={Wikipedia,},
title={Don't repeat yourself},
url={https://en.wikipedia.org/w/index.php?title=Don%27t_repeat_yourself&oldid=691047461},
urldate={2015-12-14},
year={2015},
note={Visited on 2015-12-14}
},

@misc{pm_15_docs.docker.com_2015,
author={Docs.docker.com,},
title={Best practices for writing Dockerfiles},
url={https://docs.docker.com/engine/articles/dockerfile_best-practices/},
urldate={2015-12-14},
year={2015},
note={Visited on 2015-12-14}
},

%-----------------------------

%----------------------------- Manuel Requirements Specification

@misc{rs_1_mapbox.com_2015,
author={Mapbox.com,},
title={Mapbox GL},
url={https://www.mapbox.com/mapbox-gl-js/api/},
urldate={2015-12-14},
year={2015},
note={Visited on 2015-12-14}
},

@misc{rs_2_kitematic_2015,
author={Kitematic,},
title={Kitematic},
url={https://kitematic.com/},
urldate={2015-12-14},
year={2015},
note={Visited on 2015-12-14}
},


%-----------------------------

%----------------------------- Manuel Vision

@misc{v_1_wiki.openstreetmap.org_2015,
author={Wiki.openstreetmap.org,},
title={Slippy Map},
url={http://wiki.openstreetmap.org/wiki/Slippy_Map},
urldate={2015-12-14},
year={2015},
note={Visited on 2015-12-14}
},

@misc{v_2_leafletjs.com_2015,
author={Leafletjs.com,},
title={Leaflet},
url={http://leafletjs.com/},
urldate={2015-12-14},
year={2015},
note={Visited on 2015-12-14}
},


%-------------------------Results and Future

@misc{101_mapbox.com_2015,
author={Mapbox.com,},
title={Maki | A clean point of interest icon set from Mapbox | Mapbox},
url={https://www.mapbox.com/maki/},
urldate={2015-12-14},
year={2015},
note={Visited on 2015-12-14}
},

@misc{102_mapbox.com_2015,
author={Mapbox.com,},
title={Mapbox Terrain | Mapbox},
url={https://www.mapbox.com/developers/vector-tiles/mapbox-terrain/},
urldate={2015-12-14},
year={2015},
note={Visited on 2015-12-14}
}

%--------------------------------

%------------------------- Quotes of Bachelor Thesis - Do we need the old ones anymore?

@misc{103_mapbox.com_2016,
author={Mapbox.com,},
title={Mapbox Streets v7 | Mapbox},
url={https://www.mapbox.com/vector-tiles/mapbox-streets-v7/},
urldate={2016-05-10},
year={2016},
note={Visited on 2016-05-10}
},

@misc{104_mapbox.com_2016,
author={Mapbox.com,},
title={Vector Tile Specification},
url={https://www.mapbox.com/vector-tiles/specification/},
urldate={2016-05-19},
year={2016},
note={Visited on 2016-05-19}
},

@misc{105_mapbox.com_2016,
author={Mapbox.com,},
title={Mapbox GL Style Spec},
url={https://www.mapbox.com/mapbox-gl-style-spec/},
urldate={2016-05-19},
year={2016},
note={Visited on 2016-05-19}
},

%--------------------------------
@misc{osm_wiki_2016,
url={http://wiki.openstreetmap.org/wiki/Stats#Database_statistics_-_Active_reports},
urldate={2016-5-27},
journal={Wiki.openstreetmap.org},
year={2016}
}

@misc{1_osm_wiki_2016,
url={http://wiki.openstreetmap.org/wiki/Elements},
urldate={2016-5-27},
journal={Wiki.openstreetmap.org},
year={2016}
}
